@book{Autor.1992,
	author = {Nachname, Autor and Nachname2, Vorname and Nachname4, Vorname and Nachname4, Vorname},
	title = {Ein Titel},
	date = {1992}
}

@book{Abc.2018,
	author = {Bla, Abc},
	title = {Noch ein Titel},
	date = {2018}
}

@online{internet,
	title = {webseite-toll},
	author = {aut},
	year = {1990},
	urldate = {1990-04-13},
	url = {www.webseite-toll.de}
}
